@misc{muons,
  author = {Lawrence Berkeley National Laboratory},
  title = {Muons},
  url = {https://cosmic.lbl.gov/SKliewer/Cosmic_Rays/Muons.htm},
  urldate = {2025-07-13}
}